% This file was created with JabRef 2.10.
% Encoding: Cp1250


@String { ACC       = {} }
@String { ACCV      = {Proc. Asian Conf. Computer Vision} }
@String { AHJ       = {Am. Heart J.} }
@String { AI        = {Artificial Intelligence} }
@String { AIAAJG    = {AIAA J. of Guidance} }
@String { AJC       = {Am. J. Cardiol.} }
@String { AJMAA     = {Australian J. Math. Analysis and Applications} }
@String { AMDO      = {Intl. Conf. Articulated Motion And Deformable Objects} }
@String { ANMS      = {Annals of Math. Statistics} }
@String { AO        = {Appl. Optics} }
@String { AP        = {Academic Press} }
@String { ARRD      = {Am. Rev. Resp. Dis.} }
@String { AS        = {Annaly of Statistics} }
@String { AUT       = {Automatica} }
@String { AVSS      = {Advanced Video and Signal Based Surveillance} }
@String { AW        = {Addison-Wesley} }
@String { BC        = {Biol. Cybernetics} }
@String { BMVC      = {Proc. British Machine Vision Conference} }
@String { CACM      = {Comm. of the ACM} }
@String { CAIP95    = {Int Conf. Comp. Anal. Images and Patterns} }
@String { CGIP      = {Comp. Graphics and Image Proc.} }
@String { CinC      = {Computers in Cardiology} }
@String { CJ        = {Comp. Journal} }
@String { CSDA      = {Comput. Stat. Data Analysis} }
@String { CSTM      = {Commu. Statist. Theory and Methods} }
@String { CVGIP     = {Comp. Vision, Graphics, and Image Proc.} }
@String { CVGIPG    = {CVGIP -- Graph. Models and Image Proc.} }
@String { CVGIPI    = {CVGIP -- Image Understanding} }
@String { CVIU      = {Comp. Vis. Image Understanding} }
@String { CVPR      = {Comp. Vis. Patt. Recognition} }
@String { DAGM      = {Ann. Symp. German Association Patt. Recogn.} }
@String { ECCV      = {Proc. European Conf. Computer Vision} }
@String { EHJ       = {Eur. Heart J.} }
@String { ER        = {Electrotechnical Review} }
@String { GMIP      = {Graph. Models and Image Proc.} }
@String { IBM       = {IBM J. of Research and Development} }
@String { ICARCV    = {Int. Conf. Control Aut. Rob. and Vision} }
@String { ICASSP    = {Proc. Int. Conf. Acoust., Speech, Signal Processing} }
@String { ICCV      = {Int. Conf. Computer Vision} }
@String { ICIAP     = {Proc. Int. Conf. Image Analysis and Processing} }
@String { ICIG      = {Proc. Int. Conf. Image and Graphics} }
@String { ICIP      = {Proc. Int. Conf. Image Processing} }
@String { ICML      = {Proc. Int. Conf. Mach. Learning} }
@String { ICPP      = {Int. Conf. Parallel Processing} }
@String { ICPR      = {Proc. Int. Conf. Pattern Recognition} }
@String { ICRA      = {Int. Conf. Robotics and Automation} }
@String { IEEAC     = {IEEE Trans. Automatic Control} }
@String { IEEEAES   = {IEEE Trans. Aerospace and Electronic Systems} }
@String { IEEEASSP  = {IEEE Trans. Acoustics, Speech, and Signal Proc.} }
@String { IEEEBME   = {IEEE Trans. Biomed. Eng.} }
@String { IEEECOMM  = {IEEE Trans. Communications} }
@String { IEEECOMMT = {IEEE Trans. Communications Technology} }
@String { IEEECOMP  = {IEEE Trans. Computers} }
@String { IEEEFS    = {IEEE Trans. Fuzzy Systems} }
@String { IEEEGRS   = {IEEE Trans. Geoscience and Remote Sensing} }
@String { IEEEICIP  = {Proc. IEEE Int. Conf. Image Processing} }
@String { IEEEIP    = {IEEE Trans. Image Proc.} }
@String { IEEEIT    = {IEEE Trans. Information Theory} }
@String { IEEEKDE   = {IEEE Trans. Knowledge and Data Eng.} }
@String { IEEEMI    = {IEEE Trans. Med. Imaging} }
@String { IEEEPAMI  = {IEEE Trans. Pattern Anal. Mach. Intell.} }
@String { IEEESE    = {IEEE Trans. Software Eng.} }
@String { IEEESMCB  = {IEEE Trans. Systems, Man and Cybernetics, B} }
@String { IEEESMCC  = {IEEE Trans. Systems, Man and Cybernetics, C} }
@String { IEEESP    = {IEEE Trans. Signal Proc.} }
@String { IEEETIP   = {} }
@String { IEEETMI   = {IEEE Trans. Med. Imaging} }
@String { IEEETNN   = {IEEE Trans. Neural Networks} }
@String { IEERSN    = {IEE Proceedings Radar, Sonar and Navigation} }
@String { IEEVISP   = {IEE Proceedings Vision, Image and Signal Processing} }
@String { IJCI      = {Int. J. Cardiac Imag.} }
@String { IJCV      = {Int. J. Comput. Vision} }
@String { IJPP      = {Int. J. Parallel Programming} }
@String { IJPRAI    = {Int. Journal of Pattern Recognition and Artificial Intelligence} }
@String { IJRR      = {Int. Journal of Robotics Research} }
@String { IPA       = {Int. Conf. Image Proc. Applications} }
@String { IPPS      = {Int. Parallel Processing Symposium} }
@String { IROS      = {Int. Conf. Intell. Robots and Systems} }
@String { IS        = {Inform. Sci.} }
@String { ISISPA    = {Proc. Int. Symp. Image and Signal Processing and Analysis} }
@String { IVC       = {Image and Vision Computing} }
@String { JACC      = {J. Am. Coll. Cardiol.} }
@String { JAP       = {J. Applied Physiology} }
@String { JAR       = {Auton. Robots} }
@String { JASA      = {J. Amer. Stat. Assoc.} }
@String { JCAT      = {J. Comp. Asst. Tomog.} }
@String { JCGS      = {J. Comp. and Graph. Statistics} }
@String { JE        = {J. of Econometrics} }
@String { JMS       = {J. Multimed. Syst.} }
@String { JORS      = {J. of the Operational Research Society} }
@String { JRSS      = {J. Royal Statistical Society} }
@String { JSMPF     = {J. Sports Med. and Phys. Fitness} }
@String { JVCIR     = {J.~Visual Comm. and Image Rep.} }
@String { JW        = {John Wiley and Sons} }
@String { KLUWER    = {Kluwer Academic Publishers} }
@String { MH        = {McGraw Hill} }
@String { NEJM      = {New Engl. J. Med.} }
@String { NH        = {North Holland} }
@String { NIPS      = {Neural Inf. Proc. Systems} }
@String { NN        = {Neural Networks} }
@String { OE        = {Ocean Engineering} }
@String { PETS      = {Perf. Eval. Track. and Surveillance} }
@String { PH        = {Prentice-Hall} }
@String { PMB       = {Phys. in Medic. \& Biol.} }
@String { PR        = {Patt. Recogn.} }
@String { PRL       = {Patt. Recogn. Lett.} }
@String { PROCIEEE  = {Proc. of the IEEE} }
@String { RAM       = {Int. Conf. Robotics, Aut. Mechatronics} }
@String { ROSUS     = {Ra{\v c}unalni{\v s}ka obdelava slik in njena uporaba v Sloveniji} }
@String { RTI       = {Real-time imaging} }
@String { SIGGRAPH  = {Proc. ACM Siggraph} }
@String { SOE       = {Society for Optical Engineering} }
@String { SP        = {Signal Processing} }
@String { SPE       = {Software -- Practice and Experience} }
@String { SPIEBIP   = {Proc. SPIE Conf. Biomed. Image Proc. and Biomed. Visual.} }
@String { SPIEMI    = {Proc. SPIE Conf. Medical Imaging} }
@String { SPIEMM    = {Proc. SPIE Conf. Image Algebra Math. Morph. Image Proc.} }
@String { SPIEVBC   = {Proc. SPIE Conf. Visual. in Biomed. Comp.} }
@String { SPIEVC    = {Proc. SPIE Conf. Visual Comm.} }
@String { SPIEVCIP  = {Proc. SPIE Conf. Visual Comm. and Image Proc.} }
@String { SV        = {Springer Verlag} }
@String { TPDS      = {IEEE Transactions on Parallel and Distributed Systems} }
@String { VISAPP    = { Intl.l Conf. Comp. Vis., Imaging and Comp. Graph. Theory and Applications} }

@article{FuksSkelton2011,
  Title     = {Response Curves and Preimage Sequences of Two-Dimensional Cellular Automata},
  Author    = {Henryk Fukś and Andrew Skelton},
  Journal   = {},
  Year      = {},
  Month     = {},
  Number    = {},
  Pages     = {},
  Volume    = {},
  Owner     = {},
  Timestamp = {}
}

@article{PaulinaGenaro2016,
  Title     = {Describing Complex Dynamics in Life-Like Rules with de Bruijn Diagrams on Complex and Chaotic Cellular Automata},
  Author    = {Paulina A. Léon, Genaro J. Martínez},
  Journal   = {Journal of Cellular Automata},
  Year      = {2016},
  Pages     = {91-112},
  Volume    = {11},
  Number    = {1},
  Issue     = {1},
  Owner     = {Old City Publishing}
}

@Article{Hartman2013,
  Title     = {Symmetry in Gardens of Eden}
  Author    = {Christiaan Hartman, Marijn J. H. Heule, Kees Kwekkeboom, Alain Noels}
  Journal   = {Electronic Journal of Combinatorics},
  Year      = {2013},
  Volume    = {20},
  Issue     = {3}
}

@inproceedings{DBLP:conf/iccS/JerasD06,
  author    = {Iztok Jeras and
               Andrej Dobnikar},
  title     = {Cellular Automata Preimages: Count and List Algorithm},
  booktitle = {Computational Science - {ICCS} 2006, 6th International Conference,
               Reading, UK, May 28-31, 2006, Proceedings, Part {III}},
  pages     = {345--352},
  year      = {2006},
  crossref  = {DBLP:conf/iccS/2006-3},
  url       = {http://dx.doi.org/10.1007/11758532_47},
  doi       = {10.1007/11758532_47},
  timestamp = {Fri, 12 May 2006 14:19:05 +0200},
  biburl    = {http://dblp.uni-trier.de/rec/bib/conf/iccS/JerasD06},
  bibsource = {dblp computer science bibliography, http://dblp.org}
}
@proceedings{DBLP:conf/iccS/2006-3,
  editor    = {Vassil N. Alexandrov and
               G. Dick van Albada and
               Peter M. A. Sloot and
               Jack Dongarra},
  title     = {Computational Science - {ICCS} 2006, 6th International Conference,
               Reading, UK, May 28-31, 2006, Proceedings, Part {III}},
  series    = {Lecture Notes in Computer Science},
  volume    = {3993},
  publisher = {Springer},
  year      = {2006},
  isbn      = {3-540-34383-0},
  timestamp = {Fri, 12 May 2006 14:19:05 +0200},
  biburl    = {http://dblp.uni-trier.de/rec/bib/conf/iccS/2006-3},
  bibsource = {dblp computer science bibliography, http://dblp.org}
}

@inproceedings{DBLP:conf/automata/Jeras08,
  author    = {Iztok Jeras},
  title     = {Solving cellular automata problems with SAGE/Python},
  booktitle = {Automata 2008: Theory and Applications of Cellular Automata, Bristol,
               UK, June 12-14, 2008},
  pages     = {417--424},
  year      = {2008},
  crossref  = {DBLP:conf/automata/2008},
  url       = {http://uncomp.uwe.ac.uk/free-books/automata2008reducedsize.pdf},
  timestamp = {Thu, 10 Nov 2011 15:16:39 +0100},
  biburl    = {http://dblp.uni-trier.de/rec/bib/conf/automata/Jeras08},
  bibsource = {dblp computer science bibliography, http://dblp.org}
}
@proceedings{DBLP:conf/automata/2008,
  editor    = {Andrew Adamatzky and
               Ram{\'{o}}n Alonso{-}Sanz and
               Anna T. Lawniczak and
               Genaro Ju{\'{a}}rez Mart{\'{\i}}nez and
               Kenichi Morita and
               Thomas Worsch},
  title     = {Automata 2008: Theory and Applications of Cellular Automata, Bristol,
               UK, June 12-14, 2008},
  publisher = {Luniver Press, Frome, {UK}},
  year      = {2008},
  url       = {http://uncomp.uwe.ac.uk/free-books/automata2008reducedsize.pdf},
  isbn      = {978-1-905986-16-3},
  timestamp = {Thu, 10 Nov 2011 15:16:39 +0100},
  biburl    = {http://dblp.uni-trier.de/rec/bib/conf/automata/2008},
  bibsource = {dblp computer science bibliography, http://dblp.org}
}