@techreport(St1,
  author = "Samuel H. Valentine and Susan Stepney and Ian Toyn",
  title = "A {Z} Patterns Catalogue {II}: definitions and laws, v0.1",
  institution = "Department of Computer Science, University of York",
  number = "YCS-2004-383",
  month = oct,
  year = 2004
)


@inproceedings(St2,
  author = "John A. Clark and Jeremy L. Jacob and Susan Stepney",
  title = "Searching for cost functions",
  pages = "1517--1524",
  crossref = "CEC-04"  
)

@proceedings(CEC-04,
  title = "CEC 2004: International Conference on Evolutionary Computation,
           Portland OR, USA, June 2004",
  booktitle = "CEC 2004: International Conference on Evolutionary Computation,
           Portland OR, USA, June 2004",
  publisher = "IEEE",
  year = 2004
)


